@article{laurent2011inversion,
  title={Inversion of a coupled canopy--atmosphere model using multi-angular top-of-atmosphere radiance data: A forest case study},
  author={Laurent, Val{\'e}rie CE and Verhoef, Wout and Clevers, Jan GPW and Schaepman, Michael E},
  journal={Remote Sensing of Environment},
  volume={115},
  number={10},
  pages={2603--2612},
  year={2011},
  publisher={Elsevier}
}

@article{grammatikopoulou2021value,
  title={The value of forest ecosystem services: A meta-analysis at the European scale and application to national ecosystem accounting},
  author={Grammatikopoulou, Ioanna and Va{\v{c}}k{\'a}{\v{r}}ov{\'a}, Davina},
  journal={Ecosystem Services},
  volume={48},
  pages={101262},
  year={2021},
  publisher={Elsevier}
}

@article{esquivel2019compositional,
  title={Compositional response of Amazon forests to climate change},
  author={Esquivel-Muelbert, Adriane and Baker, Timothy R and Dexter, Kyle G and Lewis, Simon L and Brienen, Roel JW and Feldpausch, Ted R and Lloyd, Jon and Monteagudo-Mendoza, Abel and Arroyo, Luzmila and {\'A}lvarez-D{\'a}vila, Esteban and others},
  journal={Global Change Biology},
  volume={25},
  number={1},
  pages={39--56},
  year={2019},
  publisher={Wiley Online Library}
}

@article{lindner2010climate,
  title={Climate change impacts, adaptive capacity, and vulnerability of European forest ecosystems},
  author={Lindner, Marcus and Maroschek, Michael and Netherer, Sigrid and Kremer, Antoine and Barbati, Anna and Garcia-Gonzalo, Jordi and Seidl, Rupert and Delzon, Sylvain and Corona, Piermaria and Kolstr{\"o}m, Marja and others},
  journal={Forest ecology and management},
  volume={259},
  number={4},
  pages={698--709},
  year={2010},
  publisher={Elsevier}
}

@article{senf2017remote,
  title={Remote sensing of forest insect disturbances: Current state and future directions},
  author={Senf, Cornelius and Seidl, Rupert and Hostert, Patrick},
  journal={International Journal of Applied Earth Observation and Geoinformation},
  volume={60},
  pages={49--60},
  year={2017},
  publisher={Elsevier}
}

@article{kautz2017biotic,
  title={Biotic disturbances in Northern Hemisphere forests--a synthesis of recent data, uncertainties and implications for forest monitoring and modelling},
  author={Kautz, Markus and Meddens, Arjan JH and Hall, Ronald J and Arneth, Almut},
  journal={Global Ecology and Biogeography},
  volume={26},
  number={5},
  pages={533--552},
  year={2017},
  publisher={Wiley Online Library}
}

@article{lechner2020applications,
  title={Applications in remote sensing to forest ecology and management},
  author={Lechner, Alex M and Foody, Giles M and Boyd, Doreen S},
  journal={One Earth},
  volume={2},
  number={5},
  pages={405--412},
  year={2020},
  publisher={Elsevier}
}

@article{verrelst2019quantifying,
  title={Quantifying vegetation biophysical variables from imaging spectroscopy data: a review on retrieval methods},
  author={Verrelst, Jochem and Malenovsk{\`y}, Zbyn{\v{e}}k and Van der Tol, Christiaan and Camps-Valls, Gustau and Gastellu-Etchegorry, Jean-Philippe and Lewis, Philip and North, Peter and Moreno, Jose},
  journal={Surveys in Geophysics},
  volume={40},
  number={3},
  pages={589--629},
  year={2019},
  publisher={Springer}
}

@inproceedings{atzberger2000development,
  title={Development of an invertible forest reflectance model: The INFOR-Model},
  author={Atzberger, Clement},
  booktitle={A decade of trans-european remote sensing cooperation. Proceedings of the 20th EARSeL Symposium Dresden, Germany},
  volume={14},
  number={16},
  pages={39--44},
  year={2000}
}

@article{schlerf2006inversion,
  title={Inversion of a forest reflectance model to estimate structural canopy variables from hyperspectral remote sensing data},
  author={Schlerf, Martin and Atzberger, Clement},
  journal={Remote sensing of environment},
  volume={100},
  number={3},
  pages={281--294},
  year={2006},
  publisher={Elsevier}
}

@article{jacquemoud1990prospect,
  title={PROSPECT: A model of leaf optical properties spectra},
  author={Jacquemoud, St{\'e}phane and Baret, Fr{\'e}d{\'e}ric},
  journal={Remote sensing of environment},
  volume={34},
  number={2},
  pages={75--91},
  year={1990},
  publisher={Elsevier}
}

@article{yang2021improving,
  title={Improving the Selection of Vegetation Index Characteristic Wavelengths by Using the PROSPECT Model for Leaf Water Content Estimation},
  author={Yang, Jian and Zhang, Yangyang and Du, Lin and Liu, Xiuguo and Shi, Shuo and Chen, Biwu},
  journal={Remote Sensing},
  volume={13},
  number={4},
  pages={821},
  year={2021},
  publisher={Multidisciplinary Digital Publishing Institute}
}

@book{jacquemoud2019leaf,
  title={Leaf optical properties},
  author={Jacquemoud, St{\'e}phane and Ustin, Susan},
  year={2019},
  publisher={Cambridge University Press}
}

@article{feret2008prospect,
  title={PROSPECT-4 and 5: Advances in the leaf optical properties model separating photosynthetic pigments},
  author={Feret, Jean-Baptiste and Fran{\c{c}}ois, Christophe and Asner, Gregory P and Gitelson, Anatoly A and Martin, Roberta E and Bidel, Luc PR and Ustin, Susan L and Le Maire, Guerric and Jacquemoud, St{\'e}phane},
  journal={Remote sensing of environment},
  volume={112},
  number={6},
  pages={3030--3043},
  year={2008},
  publisher={Elsevier}
}

@article{darvishzadeh2019mapping,
  title={Mapping leaf chlorophyll content from Sentinel-2 and RapidEye data in spruce stands using the invertible forest reflectance model},
  author={Darvishzadeh, Roshanak and Skidmore, Andrew and Abdullah, Haidi and Cherenet, Elias and Ali, Abebe and Wang, Tiejun and Nieuwenhuis, Willem and Heurich, Marco and Vrieling, Anton and O’Connor, Brian and others},
  journal={International Journal of Applied Earth Observation and Geoinformation},
  volume={79},
  pages={58--70},
  year={2019},
  publisher={Elsevier}
}

@article{verhoef1984light,
  title={Light scattering by leaf layers with application to canopy reflectance modeling: The SAIL model},
  author={Verhoef, Wouter},
  journal={Remote sensing of environment},
  volume={16},
  number={2},
  pages={125--141},
  year={1984},
  publisher={Elsevier}
}

@article{suits1971calculation,
  title={The calculation of the directional reflectance of a vegetative canopy},
  author={Suits, Gwynn H},
  journal={Remote Sensing of Environment},
  volume={2},
  pages={117--125},
  year={1971},
  publisher={Elsevier}
}

@article{verhoef2007unified,
  title={Unified optical-thermal four-stream radiative transfer theory for homogeneous vegetation canopies},
  author={Verhoef, Wout and Jia, Li and Xiao, Qing and Su, Zhongbo},
  journal={IEEE Transactions on geoscience and remote sensing},
  volume={45},
  number={6},
  pages={1808--1822},
  year={2007},
  publisher={IEEE}
}

@article{berger2018evaluation,
  title={Evaluation of the PROSAIL model capabilities for future hyperspectral model environments: A review study},
  author={Berger, Katja and Atzberger, Clement and Danner, Martin and D’Urso, Guido and Mauser, Wolfram and Vuolo, Francesco and Hank, Tobias},
  journal={Remote Sensing},
  volume={10},
  number={1},
  pages={85},
  year={2018},
  publisher={Multidisciplinary Digital Publishing Institute}
}

@article{jay2017retrieving,
  title={Retrieving LAI, chlorophyll and nitrogen contents in sugar beet crops from multi-angular optical remote sensing: Comparison of vegetation indices and PROSAIL inversion for field phenotyping},
  author={Jay, Sylvain and Maupas, Fabienne and Bendoula, Ryad and Gorretta, Nathalie},
  journal={Field Crops Research},
  volume={210},
  pages={33--46},
  year={2017},
  publisher={Elsevier}
}

@article{danner2019fitted,
  title={Fitted PROSAIL parameterization of leaf inclinations, water content and brown pigment content for winter wheat and maize canopies},
  author={Danner, Martin and Berger, Katja and Wocher, Matthias and Mauser, Wolfram and Hank, Tobias},
  journal={Remote Sensing},
  volume={11},
  number={10},
  pages={1150},
  year={2019},
  publisher={Multidisciplinary Digital Publishing Institute}
}

@article{rosema1992new,
  title={A new forest light interaction model in support of forest monitoring},
  author={Rosema, A and Verhoef, W and Noorbergen, H and Borgesius, JJ},
  journal={Remote Sensing of Environment},
  volume={42},
  number={1},
  pages={23--41},
  year={1992},
  publisher={Elsevier}
}

@article{ali2020machine,
  title={Machine learning methods’ performance in radiative transfer model inversion to retrieve plant traits from Sentinel-2 data of a mixed mountain forest},
  author={Ali, Abebe Mohammed and Darvishzadeh, Roshanak and Skidmore, Andrew and Gara, Tawanda W and Heurich, Marco},
  journal={International Journal of Digital Earth},
  pages={1--15},
  year={2020},
  publisher={Taylor \& Francis}
}

@article{ali2016retrieval,
  title={Retrieval of forest leaf functional traits from HySpex imagery using radiative transfer models and continuous wavelet analysis},
  author={Ali, Abebe Mohammed and Skidmore, Andrew K and Darvishzadeh, Roshanak and van Duren, Iris and Holzwarth, Stefanie and Mueller, Joerg},
  journal={ISPRS journal of photogrammetry and remote sensing},
  volume={122},
  pages={68--80},
  year={2016},
  publisher={Elsevier}
}

@article{wang2017canopy,
  title={Canopy foliar nitrogen retrieved from airborne hyperspectral imagery by correcting for canopy structure effects},
  author={Wang, Zhihui and Skidmore, Andrew K and Wang, Tiejun and Darvishzadeh, Roshanak and Heiden, Uta and Heurich, Marco and Latifi, Hooman and Hearne, John},
  journal={International Journal of Applied Earth Observation and Geoinformation},
  volume={54},
  pages={84--94},
  year={2017},
  publisher={Elsevier}
}

@article{combal2003retrieval,
  title={Retrieval of canopy biophysical variables from bidirectional reflectance: Using prior information to solve the ill-posed inverse problem},
  author={Combal, B and Baret, Fr{\'e}d{\'e}ric and Weiss, M and Trubuil, Alain and Mace, D and Pragnere, A and Myneni, R and Knyazikhin, Y and Wang, L},
  journal={Remote sensing of environment},
  volume={84},
  number={1},
  pages={1--15},
  year={2003},
  publisher={Elsevier}
}

@article{zhu2019estimation,
  title={Estimation of forest leaf water content through inversion of a radiative transfer model from LiDAR and hyperspectral data},
  author={Zhu, Xi and Skidmore, Andrew K and Darvishzadeh, Roshanak and Wang, Tiejun},
  journal={International Journal of Applied Earth Observation and Geoinformation},
  volume={74},
  pages={120--129},
  year={2019},
  publisher={Elsevier}
}

@article{darvishzadeh2008estimation,
  title={Estimation of vegetation LAI from hyperspectral reflectance data: Effects of soil type and plant architecture},
  author={Darvishzadeh, Roshanak and Skidmore, Andrew and Atzberger, Clement and van Wieren, Sip},
  journal={International journal of applied Earth observation and geoinformation},
  volume={10},
  number={3},
  pages={358--373},
  year={2008},
  publisher={Elsevier}
}

@article{sinha2020estimation,
  title={Estimation of leaf area index using PROSAIL based LUT inversion, MLRA-GPR and empirical models: Case study of tropical deciduous forest plantation, North India},
  author={Sinha, Sanjiv K and Padalia, Hitendra and Dasgupta, Anindita and Verrelst, Jochem and Rivera, Juan Pablo},
  journal={International Journal of Applied Earth Observation and Geoinformation},
  volume={86},
  pages={102027},
  year={2020},
  publisher={Elsevier}
}

@article{rivera2015emulator,
  title={An emulator toolbox to approximate radiative transfer models with statistical learning},
  author={Rivera, Juan Pablo and Verrelst, Jochem and G{\'o}mez-Dans, Jose and Mu{\~n}oz-Mar{\'\i}, Jordi and Moreno, Jos{\'e} and Camps-Valls, Gustau},
  journal={Remote Sensing},
  volume={7},
  number={7},
  pages={9347--9370},
  year={2015},
  publisher={Multidisciplinary Digital Publishing Institute}
}

@article{breiman2001random,
  title={Random forests},
  author={Breiman, Leo},
  journal={Machine learning},
  volume={45},
  number={1},
  pages={5--32},
  year={2001},
  publisher={Springer}
}

@article{powell2010quantification,
  title={Quantification of live aboveground forest biomass dynamics with Landsat time-series and field inventory data: A comparison of empirical modeling approaches},
  author={Powell, Scott L and Cohen, Warren B and Healey, Sean P and Kennedy, Robert E and Moisen, Gretchen G and Pierce, Kenneth B and Ohmann, Janet L},
  journal={Remote Sensing of Environment},
  volume={114},
  number={5},
  pages={1053--1068},
  year={2010},
  publisher={Elsevier}
}

@article{wang2018estimation,
  title={Estimation of paddy rice leaf area index using machine learning methods based on hyperspectral data from multi-year experiments},
  author={Wang, Li and Chang, Qingrui and Yang, Jing and Zhang, Xiaohua and Li, Fenling},
  journal={PloS One},
  volume={13},
  number={12},
  pages={e0207624},
  year={2018},
  publisher={Public Library of Science San Francisco, CA USA}
}

@article{han2016hyperspectral,
  title={Hyperspectral estimation of apple tree canopy LAI based on SVM and RF regression},
  author={Han, ZY and Zhu, XC and Fang, XY and Wang, ZY and Wang, Ling and Zhao, Geng-Xing and Jiang, YM},
  journal={Guang pu xue yu Guang pu fen xi= Guang pu},
  volume={36},
  number={3},
  pages={800--805},
  year={2016}
}

@article{pullanagari2016mapping,
  title={Mapping of macro and micro nutrients of mixed pastures using airborne AisaFENIX hyperspectral imagery},
  author={Pullanagari, RR and Kereszturi, G{\'a}bor and Yule, IJ},
  journal={ISPRS Journal of Photogrammetry and Remote Sensing},
  volume={117},
  pages={1--10},
  year={2016},
  publisher={Elsevier}
}

@article{gomez2011review,
  title={A review of kernel methods in remote sensing data analysis},
  author={G{\'o}mez-Chova, Luis and Mu{\~n}oz-Mar{\'\i}, Jordi and Laparra, Valero and Malo-L{\'o}pez, Jes{\'u}s and Camps-Valls, Gustavo},
  journal={Optical Remote Sensing},
  pages={171--206},
  year={2011},
  publisher={Springer}
}

@article{drucker1997support,
  title={Support vector regression machines},
  author={Drucker, Harris and Burges, Chris JC and Kaufman, Linda and Smola, Alex and Vapnik, Vladimir and others},
  journal={Advances in neural information processing systems},
  volume={9},
  pages={155--161},
  year={1997},
  publisher={Morgan Kaufmann Publishers}
}

@article{karimi2008application,
  title={Application of support vector machine technology for the estimation of crop biophysical parameters using aerial hyperspectral observations},
  author={Karimi, Y and Prasher, Shiv and Madani, A and Kim, S and others},
  journal={Canadian Biosystems Engineering},
  volume={50},
  number={7},
  pages={13--20},
  year={2008},
  publisher={Citeseer}
}

@article{yang2011estimating,
  title={Estimating biophysical parameters of rice with remote sensing data using support vector machines},
  author={Yang, XiaoHua and Huang, JingFeng and Wu, YaoPing and Wang, JianWen and Wang, Pei and Wang, XiaoMing and Huete, Alfredo R},
  journal={Science China Life Sciences},
  volume={54},
  number={3},
  pages={272--281},
  year={2011},
  publisher={Springer}
}

@article{tuia2011multioutput,
  title={Multioutput support vector regression for remote sensing biophysical parameter estimation},
  author={Tuia, Devis and Verrelst, Jochem and Alonso, Luis and P{\'e}rez-Cruz, Fernando and Camps-Valls, Gustavo},
  journal={IEEE Geoscience and Remote Sensing Letters},
  volume={8},
  number={4},
  pages={804--808},
  year={2011},
  publisher={IEEE}
}

@inproceedings{boser1992training,
  title={A training algorithm for optimal margin classifiers},
  author={Boser, Bernhard E and Guyon, Isabelle M and Vapnik, Vladimir N},
  booktitle={Proceedings of the fifth annual workshop on Computational learning theory},
  pages={144--152},
  year={1992}
}

@article{berger2020retrieval,
  title={Retrieval of aboveground crop nitrogen content with a hybrid machine learning method},
  author={Berger, Katja and Verrelst, Jochem and F{\'e}ret, Jean-Baptiste and Hank, Tobias and Wocher, Matthias and Mauser, Wolfram and Camps-Valls, Gustau},
  journal={International Journal of Applied Earth Observation and Geoinformation},
  volume={92},
  pages={102174},
  year={2020},
  publisher={Elsevier}
}

@article{camps2016survey,
  title={A survey on Gaussian processes for earth-observation data analysis: A comprehensive investigation},
  author={Camps-Valls, Gustau and Verrelst, Jochem and Munoz-Mari, Jordi and Laparra, Valero and Mateo-Jim{\'e}nez, Fernando and G{\'o}mez-Dans, Jos{\'e}},
  journal={IEEE Geoscience and Remote Sensing Magazine},
  volume={4},
  number={2},
  pages={58--78},
  year={2016},
  publisher={IEEE}
}

@article{camps2019perspective,
  title={A perspective on Gaussian processes for Earth observation},
  author={Camps-Valls, Gustau and Sejdinovic, Dino and Runge, Jakob and Reichstein, Markus},
  journal={National Science Review},
  volume={6},
  number={4},
  pages={616--618},
  year={2019},
  publisher={Oxford University Press}
}

@article{upreti2019comparison,
  title={A comparison of hybrid machine learning algorithms for the retrieval of wheat biophysical variables from sentinel-2},
  author={Upreti, Deepak and Huang, Wenjiang and Kong, Weiping and Pascucci, Simone and Pignatti, Stefano and Zhou, Xianfeng and Ye, Huichun and Casa, Raffaele},
  journal={Remote Sensing},
  volume={11},
  number={5},
  pages={481},
  year={2019},
  publisher={Multidisciplinary Digital Publishing Institute}
}

@article{caicedo2014toward,
  title={Toward a semiautomatic machine learning retrieval of biophysical parameters},
  author={Caicedo, Juan Pablo Rivera and Verrelst, Jochem and Mu{\~n}oz-Mar{\'\i}, Jordi and Moreno, Jos{\'e} and Camps-Valls, Gustavo},
  journal={IEEE Journal of Selected Topics in Applied Earth Observations and Remote Sensing},
  volume={7},
  number={4},
  pages={1249--1259},
  year={2014},
  publisher={IEEE}
}

@book{simon1999neural,
  title={Neural networks: a comprehensive foundation},
  author={Simon, Haykin},
  year={1999},
  publisher={Prentice hall}
}

@article{jensen1999predictive,
  title={Predictive modelling of coniferous forest age using statistical and artificial neural network approaches applied to remote sensor data},
  author={Jensen, JR and Qiu, Fang and Ji, Minhe},
  journal={International Journal of Remote Sensing},
  volume={20},
  number={14},
  pages={2805--2822},
  year={1999},
  publisher={London: Taylor \& Francis, c1980-}
}

@article{quan2017radiative,
  title={A radiative transfer model-based method for the estimation of grassland aboveground biomass},
  author={Quan, Xingwen and He, Binbin and Yebra, Marta and Yin, Changming and Liao, Zhanmang and Zhang, Xueting and Li, Xing},
  journal={International Journal of Applied Earth Observation and Geoinformation},
  volume={54},
  pages={159--168},
  year={2017},
  publisher={Elsevier}
}

@article{ingram2005mapping,
  title={Mapping tropical forest structure in southeastern Madagascar using remote sensing and artificial neural networks},
  author={Ingram, J Carter and Dawson, Terence P and Whittaker, Robert J},
  journal={Remote Sensing of Environment},
  volume={94},
  number={4},
  pages={491--507},
  year={2005},
  publisher={Elsevier}
}

@article{malenovsky2013retrieval,
  title={Retrieval of spruce leaf chlorophyll content from airborne image data using continuum removal and radiative transfer},
  author={Malenovsk{\`y}, Zbyn{\v{e}}k and Homolov{\'a}, Lucie and Zurita-Milla, Ra{\'u}l and Luke{\v{s}}, Petr and Kaplan, V{\v{e}}roslav and Hanu{\v{s}}, Jan and Gastellu-Etchegorry, Jean-Philippe and Schaepman, Michael E},
  journal={Remote Sensing of Environment},
  volume={131},
  pages={85--102},
  year={2013},
  publisher={Elsevier}
}

@article{kalacska2015estimation,
  title={Estimation of foliar chlorophyll and nitrogen content in an ombrotrophic bog from hyperspectral data: Scaling from leaf to image},
  author={Kalacska, M and Lalonde, M and Moore, TR},
  journal={Remote Sensing of Environment},
  volume={169},
  pages={270--279},
  year={2015},
  publisher={Elsevier}
}

@article{danner2021efficient,
  title={Efficient RTM-based training of machine learning regression algorithms to quantify biophysical \& biochemical traits of agricultural crops},
  author={Danner, Martin and Berger, Katja and Wocher, Matthias and Mauser, Wolfram and Hank, Tobias},
  journal={ISPRS Journal of Photogrammetry and Remote Sensing},
  volume={173},
  pages={278--296},
  year={2021},
  publisher={Elsevier}
}

@article{neinavaz2016retrieval,
  title={Retrieval of leaf area index in different plant species using thermal hyperspectral data},
  author={Neinavaz, Elnaz and Skidmore, Andrew K and Darvishzadeh, Roshanak and Groen, Thomas A},
  journal={ISPRS journal of photogrammetry and remote sensing},
  volume={119},
  pages={390--401},
  year={2016},
  publisher={Elsevier}
}

@incollection{walczak2019artificial,
  title={Artificial neural networks},
  author={Walczak, Steven},
  booktitle={Advanced Methodologies and Technologies in Artificial Intelligence, Computer Simulation, and Human-Computer Interaction},
  pages={40--53},
  year={2019},
  publisher={IGI Global}
}

@article{ghasemi2018neural,
  title={Neural network and deep-learning algorithms used in QSAR studies: merits and drawbacks},
  author={Ghasemi, Fahimeh and Mehridehnavi, Alireza and Perez-Garrido, Alfonso and Perez-Sanchez, Horacio},
  journal={Drug Discov. Today},
  volume={23},
  number={10},
  pages={1784--1790},
  year={2018}
}

@article{rivera2017hyperspectral,
  title={Hyperspectral dimensionality reduction for biophysical variable statistical retrieval},
  author={Rivera-Caicedo, Juan Pablo and Verrelst, Jochem and Mu{\~n}oz-Mar{\'\i}, Jordi and Camps-Valls, Gustau and Moreno, Jos{\'e}},
  journal={ISPRS journal of photogrammetry and remote sensing},
  volume={132},
  pages={88--101},
  year={2017},
  publisher={Elsevier}
}

@article{hughes1968mean,
  title={On the mean accuracy of statistical pattern recognizers},
  author={Hughes, Gordon},
  journal={IEEE transactions on information theory},
  volume={14},
  number={1},
  pages={55--63},
  year={1968},
  publisher={IEEE}
}

@book{lee2007nonlinear,
  title={Nonlinear dimensionality reduction},
  author={Lee, John A and Verleysen, Michel},
  year={2007},
  publisher={Springer Science \& Business Media}
}

@article{ke2016estimating,
  title={Estimating the crop leaf area index using hyperspectral remote sensing},
  author={Ke, LIU and ZHOU, Qing-bo and WU, Wen-bin and Tian, XIA and TANG, Hua-jun},
  journal={Journal of integrative agriculture},
  volume={15},
  number={2},
  pages={475--491},
  year={2016},
  publisher={Elsevier}
}

@article{liu2017hyperspectral,
  title={A hyperspectral assessment model for leaf chlorophyll content of Pinus massoniana based on neural network},
  author={Liu, Wen Ya and Pan, Jie},
  journal={Ying yong sheng tai xue bao= The journal of applied ecology},
  volume={28},
  number={4},
  pages={1128--1136},
  year={2017}
}

@article{abdelbaki2021comparison,
  title={Comparison of Crop Trait Retrieval Strategies Using UAV-Based VNIR Hyperspectral Imaging},
  author={Abdelbaki, Asmaa and Schlerf, Martin and Retzlaff, Rebecca and Machwitz, Miriam and Verrelst, Jochem and Udelhoven, Thomas},
  journal={Remote Sensing},
  volume={13},
  number={9},
  pages={1748},
  year={2021},
  publisher={Multidisciplinary Digital Publishing Institute}
}

@article{de2020quantifying,
  title={Quantifying vegetation biophysical variables from the Sentinel-3/FLEX tandem mission: Evaluation of the synergy of OLCI and FLORIS data sources},
  author={De Grave, Charlotte and Verrelst, Jochem and Morcillo-Pallar{\'e}s, Pablo and Pipia, Luca and Rivera-Caicedo, Juan Pablo and Amin, Eatidal and Belda, Santiago and Moreno, Jos{\'e}},
  journal={Remote Sensing of Environment},
  volume={251},
  pages={112101},
  year={2020},
  publisher={Elsevier}
}

@article{fernandez2021hybrid,
  title={Hybrid inversion of radiative transfer models based on high spatial resolution satellite reflectance data improves fractional vegetation cover retrieval in heterogeneous ecological systems after fire},
  author={Fern{\'a}ndez-Guisuraga, Jos{\'e} Manuel and Verrelst, Jochem and Calvo, Leonor and Su{\'a}rez-Seoane, Susana},
  journal={Remote Sensing of Environment},
  volume={255},
  pages={112304},
  year={2021},
  publisher={Elsevier}
}

@article{berger2021survey,
  title={A survey of active learning for quantifying vegetation traits from terrestrial earth observation data},
  author={Berger, Katja and Rivera Caicedo, Juan Pablo and Martino, Luca and Wocher, Matthias and Hank, Tobias and Verrelst, Jochem},
  journal={Remote Sensing},
  volume={13},
  number={2},
  pages={287},
  year={2021},
  publisher={Multidisciplinary Digital Publishing Institute}
}

@article{cesar2021exploring,
  title={Exploring the Impact of Noise on Hybrid Inversion of PROSAIL RTM on Sentinel-2 Data},
  author={C{\'e}sar de S{\'a}, Nuno and Baratchi, Mitra and Hauser, Leon T and van Bodegom, Peter},
  journal={Remote Sensing},
  volume={13},
  number={4},
  pages={648},
  year={2021},
  publisher={Multidisciplinary Digital Publishing Institute}
}

@article{wei2017estimation,
  title={Estimation and mapping of winter oilseed rape LAI from high spatial resolution satellite data based on a hybrid method},
  author={Wei, Chuanwen and Huang, Jingfeng and Mansaray, Lamin R and Li, Zhenhai and Liu, Weiwei and Han, Jiahui},
  journal={Remote Sensing},
  volume={9},
  number={5},
  pages={488},
  year={2017},
  publisher={Multidisciplinary Digital Publishing Institute}
}

@article{verrelst2016active,
  title={Active learning methods for efficient hybrid biophysical variable retrieval},
  author={Verrelst, Jochem and Dethier, Sara and Rivera, Juan Pablo and Munoz-Mari, Jordi and Camps-Valls, Gustau and Moreno, Jose},
  journal={IEEE Geoscience and Remote Sensing Letters},
  volume={13},
  number={7},
  pages={1012--1016},
  year={2016},
  publisher={IEEE}
}

@article{darvishzadeh2019analysis,
  title={Analysis of Sentinel-2 and RapidEye for retrieval of leaf area index in a saltmarsh using a radiative transfer model},
  author={Darvishzadeh, Roshanak and Wang, Tiejun and Skidmore, Andrew and Vrieling, Anton and O’Connor, Brian and Gara, Tawanda W and Ens, Bruno J and Paganini, Marc},
  journal={Remote sensing},
  volume={11},
  number={6},
  pages={671},
  year={2019},
  publisher={Multidisciplinary Digital Publishing Institute}
}

@article{wang2018mapping,
  title={Mapping forest canopy nitrogen content by inversion of coupled leaf-canopy radiative transfer models from airborne hyperspectral imagery},
  author={Wang, Zhihui and Skidmore, Andrew K and Darvishzadeh, Roshanak and Wang, Tiejun},
  journal={Agricultural and forest meteorology},
  volume={253},
  pages={247--260},
  year={2018},
  publisher={Elsevier}
}

@article{morcillo2019quantifying,
  title={Quantifying the robustness of vegetation indices through global sensitivity analysis of homogeneous and forest leaf-canopy radiative transfer models},
  author={Morcillo-Pallar{\'e}s, Pablo and Rivera-Caicedo, Juan Pablo and Belda, Santiago and De Grave, Charlotte and Burriel, Helena and Moreno, Jose and Verrelst, Jochem},
  journal={Remote Sensing},
  volume={11},
  number={20},
  pages={2418},
  year={2019},
  publisher={Multidisciplinary Digital Publishing Institute}
}

@article{zhang2021analyzing,
  title={Analyzing the Effects of Hyperspectral ZhuHai-1 Band Combinations on LAI Estimation Based on the PROSAIL Model},
  author={Zhang, Yangyang and Yang, Jian and Du, Lin},
  journal={Sensors},
  volume={21},
  number={5},
  pages={1869},
  year={2021},
  publisher={Multidisciplinary Digital Publishing Institute}
}

@article{raffa2009literal,
  title={A literal use of “forest health” safeguards against misuse and misapplication},
  author={Raffa, Kenneth F and Aukema, Brian and Bentz, Barbara J and Carroll, Allan and Erbilgin, Nadir and Herms, Daniel A and Hicke, Jeffrey A and Hofstetter, Richard W and Katovich, Steven and Lindgren, B Staffan and others},
  journal={Journal of Forestry},
  volume={107},
  number={5},
  pages={276--277},
  year={2009},
  publisher={Oxford University Press}
}

@article{millar2015temperate,
  title={Temperate forest health in an era of emerging megadisturbance},
  author={Millar, Constance I and Stephenson, Nathan L},
  journal={Science},
  volume={349},
  number={6250},
  pages={823--826},
  year={2015},
  publisher={American Association for the Advancement of Science}
}

@article{ohrn2014seasonal,
  title={Seasonal flight patterns of Ips typographus in southern S weden and thermal sums required for emergence},
  author={{\"O}hrn, Petter and L{\aa}ngstr{\"o}m, Bo and Lindel{\"o}w, {\AA}ke and Bj{\"o}rklund, Niklas},
  journal={Agricultural and Forest Entomology},
  volume={16},
  number={2},
  pages={147--157},
  year={2014},
  publisher={Wiley Online Library}
}

@article{wermelinger2004ecology,
  title={Ecology and management of the spruce bark beetle Ips typographus—a review of recent research},
  author={Wermelinger, Beat},
  journal={Forest ecology and management},
  volume={202},
  number={1-3},
  pages={67--82},
  year={2004},
  publisher={Elsevier}
}

@article{sprintsin2011combining,
  title={Combining land surface temperature and shortwave infrared reflectance for early detection of mountain pine beetle infestations in western Canada},
  author={Sprintsin, Michael and Chen, Jing Ming and Czurylowicz, Peter},
  journal={Journal of Applied Remote Sensing},
  volume={5},
  number={1},
  pages={053566},
  year={2011},
  publisher={International Society for Optics and Photonics}
}

@article{wulder2006estimating,
  title={Estimating the probability of mountain pine beetle red-attack damage},
  author={Wulder, Michael A and White, JC and Bentz, B and Alvarez, MF and Coops, NC},
  journal={Remote Sensing of Environment},
  volume={101},
  number={2},
  pages={150--166},
  year={2006},
  publisher={Elsevier}
}

@article{niemann2005assessment,
  title={Assessment of potential for remote sensing detection of bark beetle-infested areas during green attack: a literature review},
  author={Niemann, Knut Olaf and Visintini, Fabio and others},
  year={2005}
}

@article{fernandez2020monitoring,
  title={Monitoring bark beetle forest damage in Central Europe. A remote sensing approach validated with field data},
  author={Fernandez-Carrillo, Angel and Pato{\v{c}}ka, Zden{\v{e}}k and Dobrovoln{\`y}, Lum{\'\i}r and Franco-Nieto, Antonio and Revilla-Romero, Beatriz},
  journal={Remote Sensing},
  volume={12},
  number={21},
  pages={3634},
  year={2020},
  publisher={Multidisciplinary Digital Publishing Institute}
}

@article{wulder2009challenges,
  title={Challenges for the operational detection of mountain pine beetle green attack with remote sensing},
  author={Wulder, Michael A and White, Joanne C and Carroll, Allan L and Coops, Nicholas C},
  journal={The Forestry Chronicle},
  volume={85},
  number={1},
  pages={32--38},
  year={2009},
  publisher={NRC Research Press Ottawa, Canada}
}

@article{six2003genetic,
  title={Genetic relationships among Leptographium terebrantis and the mycangial fungi of three western Dendroctonus bark beetles},
  author={Six, Diana L and Harrington, Thomas C and Steimel, Joseph and McNew, Douglas and Paine, TD},
  journal={Mycologia},
  volume={95},
  number={5},
  pages={781--792},
  year={2003},
  publisher={Taylor \& Francis}
}

@article{abdullah2019sensitivity,
  title={Sensitivity of Landsat-8 OLI and TIRS data to foliar properties of early stage bark beetle (Ips typographus, L.) infestation},
  author={Abdullah, Haidi and Darvishzadeh, Roshanak and Skidmore, Andrew K and Heurich, Marco},
  journal={Remote sensing},
  volume={11},
  number={4},
  pages={398},
  year={2019},
  publisher={Multidisciplinary Digital Publishing Institute}
}

@article{paine1997interactions,
  title={Interactions among scolytid bark beetles, their associated fungi, and live host conifers},
  author={Paine, TD and Raffa, KF and Harrington, TC},
  journal={Annual review of entomology},
  volume={42},
  number={1},
  pages={179--206},
  year={1997},
  publisher={Annual Reviews 4139 El Camino Way, PO Box 10139, Palo Alto, CA 94303-0139, USA}
}

@article{abdullah2018european,
  title={European spruce bark beetle (Ips typographus, L.) green attack affects foliar reflectance and biochemical properties},
  author={Abdullah, Haidi and Darvishzadeh, Roshanak and Skidmore, Andrew K and Groen, Thomas A and Heurich, Marco},
  journal={International journal of applied earth observation and geoinformation},
  volume={64},
  pages={199--209},
  year={2018},
  publisher={Elsevier}
}

@incollection{bentz2015modeling,
  title={Modeling bark beetle responses to climate change},
  author={Bentz, Barbara J and J{\"o}nsson, Anna Maria},
  booktitle={Bark beetles},
  pages={533--553},
  year={2015},
  publisher={Elsevier}
}

@article{marini2017climate,
  title={Climate drivers of bark beetle outbreak dynamics in Norway spruce forests},
  author={Marini, Lorenzo and {\O}kland, Bj{\o}rn and J{\"o}nsson, Anna Maria and Bentz, Barbara and Carroll, Allan and Forster, Beat and Gr{\'e}goire, Jean-Claude and Hurling, Rainer and Nageleisen, Louis Michel and Netherer, Sigrid and others},
  journal={Ecography},
  volume={40},
  number={12},
  pages={1426--1435},
  year={2017},
  publisher={Wiley Online Library}
}

@article{bale2002herbivory,
  title={Herbivory in global climate change research: direct effects of rising temperature on insect herbivores},
  author={Bale, Jeffery S and Masters, Gregory J and Hodkinson, Ian D and Awmack, Caroline and Bezemer, T Martijn and Brown, Valerie K and Butterfield, Jennifer and Buse, Alan and Coulson, John C and Farrar, John and others},
  journal={Global change biology},
  volume={8},
  number={1},
  pages={1--16},
  year={2002},
  publisher={Wiley Online Library}
}

@article{abdullah2019sentinel,
  title={Sentinel-2 accurately maps green-attack stage of European spruce bark beetle (Ips typographus, L.) compared with Landsat-8},
  author={Abdullah, Haidi and Skidmore, Andrew K and Darvishzadeh, Roshanak and Heurich, Marco},
  journal={Remote sensing in ecology and conservation},
  volume={5},
  number={1},
  pages={87--106},
  year={2019},
  publisher={Wiley Online Library}
}

@article{immitzer2014early,
  title={Early detection of bark beetle infestation in Norway spruce (Picea abies, L.) using WorldView-2 data},
  author={Immitzer, Markus and Atzberger, Clement},
  journal={Photogramm. Fernerkund. Geoinf},
  volume={2014},
  number={351367},
  pages={73},
  year={2014}
}

@article{ortiz2013early,
  title={Early detection of bark beetle green attack using TerraSAR-X and RapidEye data},
  author={Ortiz, Sonia M and Breidenbach, Johannes and K{\"a}ndler, Gerald},
  journal={Remote Sensing},
  volume={5},
  number={4},
  pages={1912--1931},
  year={2013},
  publisher={Multidisciplinary Digital Publishing Institute}
}

@article{lausch2013forecasting,
  title={Forecasting potential bark beetle outbreaks based on spruce forest vitality using hyperspectral remote-sensing techniques at different scales},
  author={Lausch, A and Heurich, M and Gordalla, D and Dobner, H-J and Gwillym-Margianto, S and Salbach, C},
  journal={Forest Ecology and Management},
  volume={308},
  pages={76--89},
  year={2013},
  publisher={Elsevier}
}

@article{ali2021canopy,
  title={Canopy chlorophyll content retrieved from time series remote sensing data as a proxy for detecting bark beetle infestation},
  author={Ali, Abebe Mohammed and Abdullah, Haidi and Darvishzadeh, Roshanak and Skidmore, Andrew K and Heurich, Marco and Roeoesli, Claudia and Paganini, Marc and Heiden, Uta and Marshall, David},
  journal={Remote Sensing Applications: Society and Environment},
  volume={22},
  pages={100524},
  year={2021},
  publisher={Elsevier}
}

@article{schlerf2012vegetation,
  title={Vegetation structure retrieval in beech and spruce forests using spectrodirectional satellite data},
  author={Schlerf, Martin and Atzberger, Clement},
  journal={IEEE Journal of Selected Topics in Applied Earth Observations and Remote Sensing},
  volume={5},
  number={1},
  pages={8--17},
  year={2012},
  publisher={IEEE}
}

@Manual{ccrtm,
    title = {ccrtm: Coupled Chain Radiative Transfer Models},
    author = {Marco D. Visser},
    year = {2021},
    note = {R package version 0.2},
    url = {https://CRAN.R-project.org/package=ccrtm},
  }

@Manual{r,
    title = {R: A Language and Environment for Statistical Computing},
    author = {{R Core Team}},
    organization = {R Foundation for Statistical Computing},
    address = {Vienna, Austria},
    year = {2021},
    url = {https://www.R-project.org/},
  }

@Article{hsdar,
    title = {Hyperspectral Data Analysis in {R}: The {hsdar} Package},
    author = {Lukas W. Lehnert and Hanna Meyer and Wolfgang A. Obermeier and Brenner Silva and Bianca Regeling and Boris Thies and J\"{o}rg Bendix},
    journal = {Journal of Statistical Software},
    year = {2019},
    volume = {89},
    number = {12},
    pages = {1--23},
    doi = {10.18637/jss.v089.i12},
  }

@Manual{doparallel,
    title = {doParallel: Foreach Parallel Adaptor for the 'parallel' Package},
    author = {Microsoft Corporation and Steve Weston},
    year = {2020},
    note = {R package version 1.0.16},
    url = {https://CRAN.R-project.org/package=doParallel},
  }

@Manual{foreach,
    title = {foreach: Provides Foreach Looping Construct},
    author = {{Microsoft} and Steve Weston},
    year = {2020},
    note = {R package version 1.5.1},
    url = {https://CRAN.R-project.org/package=foreach},
  }

@Article{tidyverse,
    title = {Welcome to the {tidyverse}},
    author = {Hadley Wickham and Mara Averick and Jennifer Bryan and Winston Chang and Lucy D'Agostino McGowan and Romain François and Garrett Grolemund and Alex Hayes and Lionel Henry and Jim Hester and Max Kuhn and Thomas Lin Pedersen and Evan Miller and Stephan Milton Bache and Kirill Müller and Jeroen Ooms and David Robinson and Dana Paige Seidel and Vitalie Spinu and Kohske Takahashi and Davis Vaughan and Claus Wilke and Kara Woo and Hiroaki Yutani},
    year = {2019},
    journal = {Journal of Open Source Software},
    volume = {4},
    number = {43},
    pages = {1686},
    doi = {10.21105/joss.01686},
  }

@Book{ggplot2,
    author = {Hadley Wickham},
    title = {ggplot2: Elegant Graphics for Data Analysis},
    publisher = {Springer-Verlag New York},
    year = {2016},
    isbn = {978-3-319-24277-4},
    url = {https://ggplot2.tidyverse.org},
  }









